<record><leader>00000cas a22000001a 4500</leader><controlfield tag="001">10330464</controlfield><controlfield tag="007">hd afu---baca</controlfield><controlfield tag="008">840124c19169999ohuuu nea     0    0eng d</controlfield><datafield ind1=" " ind2=" " tag="010"><subfield code="a">sn 91025151 </subfield></datafield><datafield ind1=" " ind2=" " tag="040"><subfield code="a">GUA</subfield><subfield code="b">eng</subfield><subfield code="c">GUA</subfield><subfield code="d">HUL</subfield><subfield code="d">NVJ</subfield><subfield code="d">DLC</subfield><subfield code="d">NCECU</subfield><subfield code="d">OCLCF</subfield><subfield code="d">OCLCO</subfield></datafield><datafield ind1=" " ind2=" " tag="012"><subfield code="i">9103</subfield></datafield><datafield ind1="1" ind2=" " tag="029"><subfield code="a">AU@</subfield><subfield code="b">000025868228</subfield></datafield><datafield ind1=" " ind2=" " tag="037"><subfield code="b">600 S. Tryon, Charlotte, N. C. 28202</subfield></datafield><datafield ind1=" " ind2=" " tag="042"><subfield code="a">msc</subfield></datafield><datafield ind1=" " ind2=" " tag="043"><subfield code="a">n-us-nc</subfield></datafield><datafield ind1=" " ind2=" " tag="090"><subfield code="a">AN36.C52</subfield><subfield code="b">C520</subfield></datafield><datafield ind1="0" ind2=" " tag="130"><subfield code="a">Charlotte observer (Charlotte, N.C. : 1916)</subfield></datafield><datafield ind1="0" ind2="4" tag="245"><subfield code="a">The Charlotte observer</subfield><subfield code="h">[microform].</subfield></datafield><datafield ind1=" " ind2=" " tag="260"><subfield code="a">Charlotte, N.C. :</subfield><subfield code="b">The Charlotte Observer,</subfield><subfield code="c">1916-</subfield></datafield><datafield ind1=" " ind2=" " tag="300"><subfield code="a">v.</subfield><subfield code="b">ill. ; 61 cm.</subfield></datafield><datafield ind1="0" ind2=" " tag="362"><subfield code="a">Apr. 3, 1916-</subfield></datafield><datafield ind1=" " ind2=" " tag="515"><subfield code="a">1916-   called 31st-   year.</subfield></datafield><datafield ind1=" " ind2=" " tag="533"><subfield code="a">Microfilm.</subfield><subfield code="b">Wooster, Ohio :</subfield><subfield code="c">Bell &amp; Howell Micro Photo Division,</subfield><subfield code="d">1979-</subfield><subfield code="e">  microfilm reels ; 35 mm.</subfield></datafield><datafield ind1=" " ind2="0" tag="651"><subfield code="a">Charlotte (N.C.)</subfield><subfield code="v">Newspapers.</subfield></datafield><datafield ind1=" " ind2="7" tag="655"><subfield code="a">Newspapers.</subfield><subfield code="2">fast</subfield><subfield code="0">(OCoLC)fst01423814</subfield></datafield><datafield ind1=" " ind2="7" tag="651"><subfield code="a">North Carolina</subfield><subfield code="z">Charlotte.</subfield><subfield code="2">fast</subfield><subfield code="0">(OCoLC)fst01204596</subfield></datafield><datafield ind1="0" ind2="0" tag="780"><subfield code="t">Charlotte daily observer (Charlotte, N.C. : 1897)</subfield><subfield code="w">(DLC)sn 91025152</subfield><subfield code="w">(OCoLC)10781313</subfield></datafield><datafield ind1=" " ind2=" " tag="752"><subfield code="a">United States</subfield><subfield code="b">North Carolina</subfield><subfield code="d">Charlotte.</subfield></datafield><datafield ind1=" " ind2=" " tag="850"><subfield code="a">MH</subfield></datafield><datafield ind1=" " ind2=" " tag="936"><subfield code="a">INC</subfield></datafield></record>